<record><leader>00000cas a2200000 a 4500</leader><controlfield tag="001">11171814</controlfield><controlfield tag="008">840919d19711985iluwr ne      0   a0eng c</controlfield><datafield ind1=" " ind2=" " tag="010"><subfield code="a">sn 84007012 </subfield></datafield><datafield ind1=" " ind2=" " tag="040"><subfield code="a">NSD</subfield><subfield code="b">eng</subfield><subfield code="c">NSD</subfield><subfield code="d">NVF</subfield><subfield code="d">OCL</subfield><subfield code="d">OCLCQ</subfield><subfield code="d">CVF</subfield><subfield code="d">NVF</subfield><subfield code="d">OCLCQ</subfield><subfield code="d">OCLCF</subfield><subfield code="d">NVF</subfield><subfield code="d">OCLCO</subfield></datafield><datafield ind1=" " ind2=" " tag="012"><subfield code="j">0</subfield><subfield code="m">d</subfield></datafield><datafield ind1="1" ind2=" " tag="022"><subfield code="a">8750-2496</subfield><subfield code="l">8750-2496</subfield><subfield code="2">1</subfield></datafield><datafield ind1="1" ind2=" " tag="029"><subfield code="a">AU@</subfield><subfield code="b">000020337823</subfield></datafield><datafield ind1=" " ind2=" " tag="037"><subfield code="b">Ogle County Life, PO Box 378, Or., IL 61061</subfield></datafield><datafield ind1=" " ind2=" " tag="042"><subfield code="a">pcc</subfield></datafield><datafield ind1=" " ind2=" " tag="043"><subfield code="a">n-us-il</subfield></datafield><datafield ind1="0" ind2=" " tag="130"><subfield code="a">Ogle County life (Rochelle, Ill. : 1971)</subfield></datafield><datafield ind1=" " ind2="4" tag="222"><subfield code="a">The Ogle County life</subfield></datafield><datafield ind1="1" ind2="4" tag="245"><subfield code="a">The Ogle County life.</subfield></datafield><datafield ind1=" " ind2=" " tag="260"><subfield code="a">Rochelle, Ill. :</subfield><subfield code="b">Tilton Publications,</subfield><subfield code="c">1971-1985.</subfield></datafield><datafield ind1="3" ind2=" " tag="260"><subfield code="3">Feb. 10, 1977-Nov. 11, 1985</subfield><subfield code="a">Oregon, Ill.</subfield></datafield><datafield ind1=" " ind2=" " tag="310"><subfield code="a">Weekly,</subfield><subfield code="b">Jan. 1-Nov. 11, 1985</subfield></datafield><datafield ind1=" " ind2=" " tag="321"><subfield code="a">Weekly,</subfield><subfield code="b">Aug. 26, 1971-Sept. 12, 1984</subfield></datafield><datafield ind1=" " ind2=" " tag="321"><subfield code="a">Semiweekly,</subfield><subfield code="b">Sept. 15-Dec. 28, 1984</subfield></datafield><datafield ind1="0" ind2=" " tag="362"><subfield code="a">4th year, no. 39 (Aug. 26, 1971)-v. 20, no. 53 (Nov. 11, 1985).</subfield></datafield><datafield ind1=" " ind2=" " tag="580"><subfield code="a">Merged with: Rock Valley shopper, to form: Ogle County life Rock Valley shopper.</subfield></datafield><datafield ind1=" " ind2="0" tag="651"><subfield code="a">Ogle County (Ill.)</subfield><subfield code="v">Newspapers.</subfield></datafield><datafield ind1=" " ind2="7" tag="651"><subfield code="a">Illinois</subfield><subfield code="z">Ogle County.</subfield><subfield code="2">fast</subfield><subfield code="0">(OCoLC)fst01210697</subfield></datafield><datafield ind1=" " ind2="7" tag="655"><subfield code="a">Newspapers.</subfield><subfield code="2">fast</subfield><subfield code="0">(OCoLC)fst01423814</subfield></datafield><datafield ind1=" " ind2=" " tag="752"><subfield code="a">United States</subfield><subfield code="b">Illinois</subfield><subfield code="c">Ogle County</subfield><subfield code="d">Oregon.</subfield></datafield><datafield ind1=" " ind2=" " tag="752"><subfield code="a">United States</subfield><subfield code="b">Illinois</subfield><subfield code="c">Ogle County</subfield><subfield code="d">Rochelle.</subfield></datafield><datafield ind1="0" ind2="0" tag="780"><subfield code="t">Life (Rochelle, Ill.)</subfield><subfield code="w">(DLC)sn 93055379</subfield><subfield code="w">(OCoLC)27261675</subfield></datafield><datafield ind1="1" ind2="7" tag="785"><subfield code="t">Rock Valley shopper</subfield></datafield><datafield ind1="1" ind2="7" tag="785"><subfield code="t">Ogle County life Rock Valley shopper</subfield><subfield code="x">1045-3059</subfield><subfield code="w">(DLC)sn 89006755</subfield><subfield code="w">(OCoLC)20067374</subfield></datafield></record>